@inproceedings{deng:graphzoom_iclr_2019,
	title = {{GraphZoom}: A multi-level spectral approach for accurate and scalable graph embedding},
	author = {Deng, Chenhui and Zhao, Zhiqiang and Wang, Yongyu and Zhang, Zhiru and Feng, Zhuo},
	booktitle = {International Conference on Learning and Representation (ICLR)},
	year = {2019}
}

@inproceedings{perozzi:deepwalk_kdd_2014,
	title = {{DeepWalk}: Online Learning of Social Representations},
	booktitle = {Proceedings of the 20th {ACM} {SIGKDD} international conference on Knowledge discovery and data mining - {KDD} '14},
	author = {Perozzi, Bryan and Al-Rfou, Rami and Skiena, Steven},
	year = {2014}
}

@inproceedings{grover:node2vec_kdd_2016,
	title = {node2vec: Scalable Feature Learning for Networks},
	booktitle = {Proceedings of the 22nd {ACM} {SIGKDD} International Conference on Knowledge Discovery and Data Mining - {KDD} '16},
	author = {Grover, Aditya and Leskovec, Jure},
	year = {2016}
}

@inproceedings{hamilton:graphsage_neurips_2017,
	title = {Inductive Representation Learning on Large Graphs},
	booktitle = {Advances in neural information processing systems ({NeurIPS})},
	author = {Hamilton, William L. and Ying, Rex and Leskovec, Jure},
	year = {2017}
}

@inproceedings{li:ggsnn_iclr_2016,
	title = {Gated Graph Sequence Neural Networks},
	booktitle = {Proceedings of the International Conference on Learning and Representation ({ICLR})},
	author = {Li, Yujia and Tarlow, Daniel and Brockschmidt, Marc and Zemel, Richard},
	year = {2016}
}

@inproceedings{velickovic:gat_iclr_2018,
	title = {Graph Attention Networks},
	booktitle = {Proceedings of the International Conference on Learning and Representation ({ICLR})},
	author = {Veličković, Petar and Cucurull, Guillem and Casanova, Arantxa and Romero, Adriana and Liò, Pietro and Bengio, Yoshua},
	year = {2018}
}

@inproceedings{tang:line_www_2015,
	title = {{LINE}: Large-scale Information Network Embedding},
	booktitle = {Proceedings of the 24th International Conference on World Wide Web - {WWW} '15},
	author = {Tang, Jian and Qu, Meng and Wang, Mingzhe and Zhang, Ming and Yan, Jun and Mei, Qiaozhu},
	year = {2015}
}

@inproceedings{kipf:gcn_iclr_2017,
	title = {Semi-Supervised Classification with Graph Convolutional Networks},
	booktitle = {Proceedings of the International Conference on Learning and Representation ({ICLR})},
	author = {Kipf, Thomas N. and Welling, Max},
	year = {2017}
}

@inproceedings{you:pgnn_icml_2019,
	title = {Position-aware Graph Neural Networks},
	booktitle = {International Conference on Machine Learning ({ICML})},
	author = {You, Jiaxuan and Ying, Rex and Leskovec, Jure},
	year = {2019}
}

@article{zhu:aligraph_vldb_2019,
	title = {{AliGraph}: a comprehensive graph neural network platform},
	journaltitle = {Proceedings of the {VLDB} Endowment},
	author = {Zhu, Rong and Zhao, Kun and Yang, Hongxia and Lin, Wei and Zhou, Chang and Ai, Baole and Li, Yong and Zhou, Jingren},
	year = {2019}
}

@inproceedings{yang:knightking_sosp_2019,
	title = {{KnightKing}: a fast distributed graph random walk engine},
	booktitle = {Proceedings of the 27th {ACM} Symposium on Operating Systems Principles  - {SOSP} '19},
	author = {Yang, Ke and Zhang, {MingXing} and Chen, Kang and Ma, Xiaosong and Bai, Yang and Jiang, Yong},
	year = {2019}
}

@article{fey:pytorch_geo_2019,
	title = {Fast Graph Representation Learning with {PyTorch} Geometric},
	journaltitle = {{arXiv}:1903.02428 [cs, stat]},
	author = {Fey, Matthias and Lenssen, Jan Eric},
	year = {2019}
}

@inproceedings{Xu:sgg_cvpr_2017,
	title = {Scene Graph Generation by Iterative Message Passing},
	booktitle = {computer vision and pattern recognition ({CVPR})},
    author    = {Danfei Xu and
               Yuke Zhu and
               Christopher B. Choy and
               Li Fei{-}Fei},
    year = {2017}
}


@inproceedings{wang:dgcnn_tog_2018,
    title     = {Dynamic Graph {CNN} for Learning on Point Clouds},
    booktitle = {ACM Transactions on Graphics (TOG)},
    author    = {Yue Wang and
               Yongbin Sun and
               Ziwei Liu and
               Sanjay E. Sarma and
               Michael M. Bronstein and
               Justin M. Solomon},
    year = {2019}
}

@inproceedings{yan:action_aaai_2018,
	title = {Spatial temporal graph convolutional
networks for skeleton-based action recognition},
	booktitle = {Association for the Advancement of Artificial Intelligence({AAAI})},
    author    = {Sijie Yan, Yuanjun Xiong, Dahua Lin},
    year = {2018}
}


@inproceedings{jain:action_cvpr_2016,
	title = {Structural-RNN: Deep Learning on Spatio-Temporal Graphs},
	booktitle = {computer vision and pattern recognition ({CVPR})},
    author    = {Ashesh Jain, Amir R. Zamir, Silvio Savarese, Ashutosh Saxena},
    year = {2016}
}

@inproceedings{david:conv_nips_2015,
	title = {Convolutional Networks on Graphs for Learning Molecular Fingerprints},
	booktitle = {Neural Information Processing Systems ({NIPS})},
    author    = {
    David K. Duvenaud and
    Dougal Maclaurin and
    Jorge Iparraguirre and
    Rafael Bombarell and
    Timothy Hirzel and
    Alan Aspuru-Guzik and
    Ryan P. Adams
},
    year = {2015}
}

@inproceedings{nicola:molgan_icml_2018,
	title = {MolGAN: An implicit generative model
for small molecular graphs},
	booktitle = {ICML workshop on Theoretical
Foundations and Applications of Deep Generative Models},
    author    = {Nicola De Cao and Thomas Kipf
},
    year = {2018}
}