
@article{hu_taichi_2019,
	title = {Taichi: a language for high-performance computation on spatially sparse data structures},
	booktitle = {{ACM} Transactions on Graphics},
	author = {Hu, Yuanming and Li, Tzu-Mao and Anderson, Luke and Ragan-Kelley, Jonathan and Durand, Frédo},
	year = {2019}
}

@inproceedings{zachary_liszt_2011,
	author = {Zachary DeVito, Niels Joubert, Francisco Palacios, Stephen Oakley, Montserrat Medina, Mike Barrientos, Erich Elsen, Frank Ham, Alex Aiken, Karthik Duraisamy, and others},
	year = {2011},
	title  = {Liszt: A domain specific language for building portable mesh-based PDE solvers},
	booktitle = {Proceedings of International Conference for High Performance Computing, Networking, Storage and Analysis (SC)}
}

@inproceedings{ragan-kelley_halide_2013,
	title = {Halide: A Language and Compiler for Optimizing Parallelism, Locality, and Recomputation in Image Processing Pipelines},
	booktitle = {Proceedings of the 34th {ACM} {SIGPLAN} Conference on Programming Language Design and Implementation (PLDI)},
	author = {Ragan-Kelley, Jonathan and Barnes, Connelly and Adams, Andrew and Paris, Sylvain and Durand, Frédo and Amarasinghe, Saman},
	year = {2013}
}

@inproceedings{fredrik_taco_2017,
	author = {Fredrik Kjolstad, Shoaib Kamil, Stephen Chou, David Lugato, and Saman Amarasinghe},
	title = {The tensor algebra compiler},
	booktitle = {Proceedings of the ACM on Programming Languages (OOPSLA)},
	year = {2017}
}

@inproceedings{riyadh_cgo_2019,
	author = {Riyadh Baghdadi, Jessica Ray, Malek Ben Romdhane, Emanuele Del Sozzo, Abdurrahman Akkas, Yunming Zhang, Patricia Suriana, Shoaib Kamil, and Saman Amarasinghe},
	title = {Tiramisu: A polyhedral compiler for expressing fast and portable code},
	booktitle = {Proceedings of Code Generation and Optimization (CGO)},
	year = {2019}
}

@inproceedings{yunming_graphit_2018,
	author = {Yunming Zhang, Mengjiao Yang, Riyadh Baghdadi, Shoaib Kamil, Julian Shun, and
Saman Amarasinghe},
	title = {GraphIt: A high-performance graph DSL},
	booktitle = {Proceedings of the ACM on Programming Languages (OOPSLA)},
	year = {2018}
}

@misc{opengl,
	title = {OpenGL (v4.6)},
	howpublished = {\url{https://www.opengl.org/}},
	year = {2019}
}

@misc{glfw,
	title = {{GLFW} (v3.3)},
	howpublished = {\url{https://www.glfw.org/}},
	year = {2019}
}

@misc{glew,
	title = {The {OpenGL} Extension Wrangler Library ({GLEW}, v2.1.0)},
	howpublished = {\url{http://glew.sourceforge.net/}},
	year = {2017}
}

@misc{freeglut,
	title = {The OpenGL Utility Toolkit (freeglut, v3.2.1)},
	howpublished = {\url{http://freeglut.sourceforge.net/}},
	year = {2019}
}

@misc{stencil,
	author = {Wikipedia},
	title = {Stencil code},
	howpublished = {\url{https://en.wikipedia.org/wiki/Stencil\_code}},
	year = {2019}
}

@inproceedings{hu_difftaichi_2019,
	title = {{DiffTaichi}: Differentiable Programming for Physical Simulation},
	author = {Hu, Yuanming and Anderson, Luke and Li, Tzu-Mao and Sun, Qi and Carr, Nathan and Ragan-Kelley, Jonathan and Durand, Frédo},
	year = {2020},
	booktitle = {Proceedings of International Conference on Learning and Representation (ICLR)}
}

@inproceedings{wang:wave_2018,
	title = {Toward Wave-based Sound Synthesis for Computer Animation},
	author = {Jui-Hsien Wang, Ante Qu, Timothy R. Langlois, Doug L. James},
	year = {2018},
	booktitle = {ACM SIGGRAPH}
}