@misc{bt_org,
	title = {BEP 3 - The BitTorrent Protocol Specification},
	howpublished = {\url{http://bittorrent.org/beps/bep_0003.html}},
	author = {Bram Cohen},
	year = {2017}
}

@misc{bt_dht,
	title = {BEP 5 - DHT Protocol},
	howpublished = {\url{http://bittorrent.org/beps/bep_0005.html}},
	author = {Andrew Loewenstern and Arvid Norberg},
	year = {2017}
}

@misc{bt_udp,
	title = {BEP 15 - UDP Tracker Protocol for BitTorrent},
	howpublished = {\url{http://bittorrent.org/beps/bep_0015.html}},
	author = {Olaf van der Spek},
	year = {2017}
}

@misc{bt_utp,
	title = {BEP 29 - uTorrent transport protocol},
	howpublished = {\url{http://bittorrent.org/beps/bep_0029.html}},
	author = {Arvid Norberg},
	year = {2017}
}

@misc{wiki_p2p,
	title = {Peer-to-peer},
	howpublished = {\url{https://en.wikipedia.org/wiki/Peer-to-peer}},
	author = {Wikipedia}
}

@misc{wiki_bt,
	title = {BitTorrent},
	howpublished = {\url{https://en.wikipedia.org/wiki/BitTorrent}},
	author = {Wikipedia}
}

@misc{bt_ppt,
	title = {Understanding of BitTorrent Protocol},
	howpublished = {\url{http://dandylife.net/docs/BitTorrent-Protocol.pdf}},
	author = {Digital Forensics Community in Korea}
}

@misc{web3,
	title = {Why the Web 3.0 Matters and you should know about it},
	howpublished = {\url{https://medium.com/@matteozago/why-the-web-3-0-matters-and-you-should-know-about-it-a5851d63c949}},
	author = {Matteo Gianpietro Zago},
	year = {2018}
}

@misc{bitcoin,
	title = {Bitcoin},
	howpublished = {\url{https://bitcoin.org/en/}},
	author = {Bitcoin}
}

@misc{blockchain,
	title = {Blockchain},
	howpublished = {\url{https://www.blockchain.com/}},
	author = {Blockchain}
}

@misc{qqlive,
	title = {{QQ} Live},
	howpublished = {\url{http://live.qq.com/}},
	author = {Tencent}
}

@misc{internet_traffic,
	title = {CacheLogic says 35% of all Internet traffic is now BitTorrent},
	howpublished = {\url{https://www.zdnet.com/article/cachelogic-says-35-of-all-internet-traffic-is-now-bittorrent/}},
	author = {ZDNet}
}

@misc{xunlei,
	title = {Thunder Blasts uTorrent's Market Share Away},
	howpublished = {\url{https://web.archive.org/web/20160220105711/https://torrentfreak.com/thunder-blasts-utorrents-market-share-away-091204/}},
	author = {Ernesto},
	year = {2009}
}

@misc{utorrent,
	title = {uTorrent},
	howpublished = {\url{https://www.utorrent.com/intl/zh/}},
	author = {uTorrent}
}

@misc{facebook,
	title = {Facebook},
	howpublished = {\url{https://www.facebook.com/}},
	author = {Facebook}
}

@misc{twitter,
	title = {Twitter},
	howpublished = {\url{https://twitter.com/?lang=en}},
	author = {Twitter},
}

@journal(survey_bt,
	title = {A Survey of BitTorrent Performance},
	jouraltitle = {{IEEE} Communications Surverys & Tutorials},
	author = {Raymond Lei Xia and Jogesh K. Muppala},
	year = {2010}
)