@inproceedings{ragan-kelley:pldi_halide_2013,
	title = {Halide: A Language and Compiler for Optimizing Parallelism, Locality, and Recomputation in Image Processing Pipelines},
	booktitle = {Proceedings of the 34th {ACM} {SIGPLAN} Conference on Programming Language Design and Implementation},
	author = {Ragan-Kelley, Jonathan and Barnes, Connelly and Adams, Andrew and Paris, Sylvain and Durand, Fr√©do and Amarasinghe, Saman},
	year = {2013}
}

@misc{stencil,
	title = {Stencil Code},
	author = {Wikipedia},
	note = {\url{https://en.wikipedia.org/wiki/Stencil_code}},
	year = {2019}
}

@misc{kernel,
	title = {Kernel (Image processing)},
	author = {Wikipedia},
	note = {\url{https://en.wikipedia.org/wiki/Kernel_(image_processing)}},
	year = {2019}
}

@misc{gauss-seidel,
	title = {Gauss-Seidel Method},
	author = {Wikipedia},
	note = {\url{https://en.wikipedia.org/wiki/Gauss%E2%80%93Seidel_method}},
	year = {2019}
}

@misc{fem,
	title = {Finite Element Method},
	author = {Wikipedia},
	note = {\url{https://en.wikipedia.org/wiki/Finite_element_method}},
	year = {2019}
}

@misc{pde,
	title = {Finite Difference Method},
	author = {Wikipedia},
	note = {\url{https://en.wikipedia.org/wiki/Finite_difference_method}},
	year = {2019}
}

@journal{cellular-automaton,
	title = {Vectorization of Cellular Automaton-Based Labeling of 3-D Binary Lattices},
	author = {Peter Zinterhof},
	booktitle = {Sustained Simulation Performance},
	year = {2017}
}

@inproceedings{pouchet:reuse_fpga_2013,
	title = {Polyhedral-based Data Reuse Optimization for Configurable Computing},
	booktitle = {Proceedings of the {ACM}/{SIGDA} International Symposium on Field Programmable Gate Arrays},
	author = {Pouchet, Louis-Noel and Zhang, Peng and Sadayappan, P. and Cong, Jason},
	year = {2013}
}

@inproceedings{baghdadi:tiramisu_cgo_2019,
	title = {Tiramisu: A Polyhedral Compiler for Expressing Fast and Portable Code},
	booktitle = {Proceedings of the 2019 {IEEE}/{ACM} International Symposium on Code Generation and Optimization},
	author = {Baghdadi, Riyadh and Ray, Jessica and Romdhane, Malek Ben and Del Sozzo, Emanuele and Akkas, Abdurrahman and Zhang, Yunming and Suriana, Patricia and Kamil, Shoaib and Amarasinghe, Saman},
	year = {2019}
}

@misc{cilk-plus,
	title = {Cilk Plus},
	author = {Intel},
	note = {\url{https://www.cilkplus.org/}},
	year = {2010}
}