% Encoding: UTF-8

% Applications
@inproceedings{page:pagerank_www_l998,
  author = {Page, L. and Brin, S. and Motwani, R. and Winograd, T.},
  booktitle = {Proceedings of the 7th International World Wide Web Conference},
  title = {The {PageRank} citation ranking: {Bringing} order to the Web},
  year = {1998}
}

@article{battaglia:gcn_arxiv_2018,
	title = {Relational inductive biases, deep learning, and graph networks},
	journaltitle = {{arXiv}:1806.01261 [cs, stat]},
	author = {Battaglia, Peter W. and Hamrick, Jessica B. and Bapst, Victor and Sanchez-Gonzalez, Alvaro and Zambaldi, Vinicius and Malinowski, Mateusz and others},
	year = {2018}
}

@inproceedings{kwak:twitter_www_2010,
	title = {What is Twitter, a Social Network or a News Media?},
	booktitle = {Proceedings of the 19th International Conference on World Wide Web},
	author = {Kwak, Haewoon and Lee, Changhyun and Park, Hosung and Moon, Sue},
	year = {2010}
}

@article{simon:epidemic_bio_2011,
  title = {Exact epidemic models on graphs using graph-automorphism driven lumping},
  author = {P{\'e}ter L. Simon and Michael Taylor and Istv{\'a}n Z. Kiss},
  journal = {Journal of mathematical biology},
  year = {2011},
}

@article{sun:subgraph_vldb_2012,
	title = {Efficient subgraph matching on billion node graphs},
	journaltitle = {Proceedings of the {VLDB} Endowment},
	author = {Sun, Zhao and Wang, Hongzhi and Wang, Haixun and Shao, Bin and Li, Jianzhong},
	year = {2012}
}

@inproceedings{shun:eccentricity_kdd_2015,
	title = {An Evaluation of Parallel Eccentricity Estimation Algorithms on Undirected Real-World Graphs},
	booktitle = {Proceedings of the 21th {ACM} {SIGKDD} International Conference on Knowledge Discovery and Data Mining},
	author = {Shun, Julian},
	year = {2015},
}

@article{khaouid:k-core-decomp_vldb_2015,
	title = {{K-core} decomposition of large networks on a single {PC}},
	journaltitle = {Proceedings of the {VLDB} Endowment},
	author = {Khaouid, Wissam and Barsky, Marina and Srinivasan, Venkatesh and Thomo, Alex},
	year = {2015}
}

@inproceedings{shin:corescope_icdm_2016,
	title = {{CoreScope}: Graph Mining Using {k-Core} Analysis — Patterns, Anomalies and Algorithms},
	booktitle = {2016 {IEEE} 16th International Conference on Data Mining ({ICDM})},
	author = {Shin, Kijung and Eliassi-Rad, Tina and Faloutsos, Christos},
	year = {2016}
}

% pull-push
@inproceedings{grossman:pull_ppopp_2018,
	title = {Making Pull-based Graph Processing Performant},
	booktitle = {Proceedings of the 23rd {ACM} {SIGPLAN} Symposium on Principles and Practice of Parallel Programming},
	author = {Grossman, Samuel and Litz, Heiner and Kozyrakis, Christos},
	year = {2018}
}

% CGP
@inproceedings{zhang:cgraph:_2018,
	title = {{CGraph}: A Correlations-aware Approach for Efficient Concurrent Iterative Graph Processing},
	booktitle = {2018 {USENIX} Annual Technical Conference},
	author = {Zhang, Yu and Liao, Xiaofei and Jin, Hai and Gu, Lin and Liu, Haikun},
	year = {2018},
}

@inproceedings{xue:seraph_hpdc_2014,
	title = {Seraph: An efficient, low-cost system for concurrent graph processing},
	booktitle = {Proceedings of the 23rd International Symposium on High-Performance Parallel and Distributed Computing},
	author = {Xue, Jilong and Yang, Zhi and Qu, Zhi and Hou, Shian and Dai, Yafei},
	year = {2014}
}

@article{xue:seraph_tc_2017,
	title = {Processing Concurrent Graph Analytics with Decoupled Computation Model},
	journaltitle = {{IEEE} Transactions on Computers},
	author = {Xue, J. and Yang, Z. and Hou, S. and Dai, Y.},
	year = {2017}
}

@inproceedings{hauck:Qcgp_grades_2017,
	title = {Can Modern Graph Processing Engines Run Concurrent Queries Efficiently?},
	booktitle = {Proceedings of the Fifth International Workshop on Graph Data-management Experiences \& Systems},
	author = {Hauck, Matthias and Paradies, Marcus and Fr\"oning, Holger},
	year = {2017},
}

@inproceedings{pan:congra_iccd_2017,
	title = {Congra: Towards Efficient Processing of Concurrent Graph Queries on Shared-Memory Machines},
	booktitle = {2017 {IEEE} International Conference on Computer Design},
	author = {Pan, P. and Li, C.},
	year = {2017}
}

@inproceedings{kaufmann:multi-bfs_vldb_2014,
	author = {Then, M and Kaufmann, M and Chirigati, Fernando and Hoang Vu, Tuan Anh and Pham, K and Kemper, A and Neumann, Thomas and Vo, H.T.},
	year = {2014},
	title = {The more the merrier: Efficient multisource graph traversal},
	booktitle = {Proceedings of the VLDB Endowment}
}

@inproceedings{liu:ibfs_sigmod_2016,
	title = {{iBFS}: Concurrent Breadth-First Search on {GPUs}},
	booktitle = {Proceedings of the 2016 International Conference on Management of Data},
	author = {Liu, Hang and Huang, H. Howie and Hu, Yang},
	year = {2016}
}

@article{feher:subgraph_js_2017,
	title = {Detecting Subgraph Isomorphism with {MapReduce}},
	journaltitle = {The Joural of Supercomputing},
	author = {Feh\'er, P\'eter and Asztalos, M\'ark and Vajk, Tam\'as and M\'esz\'aros, Tam\'as and Lengyel, L\'aszl\'o},
	year = {2017}
}

% kernel fusion
@article{zhang:graphit_oopsla_2018,
	title = {{GraphIt}: A High-performance Graph {DSL}},
	journal = {Proc. {ACM} Program. Lang.},
	number = {OOPSLA},
	author = {Zhang, Yunming and Yang, Mengjiao and Baghdadi, Riyadh and Kamil, Shoaib and Shun, Julian and Amarasinghe, Saman},
	year = {2018}
}

@inproceedings{qiao:looptokerf_cgo_2019,
	title = {From Loop Fusion to Kernel Fusion: A Domain-specific Approach to Locality Optimization},
	booktitle = {Proceedings of the 2019 {IEEE}/{ACM} International Symposium on Code Generation and Optimization},
	author = {Qiao, Bo and Reiche, Oliver and Hannig, Frank and Teich, Jürgen},
	year = {2019}
}

@article{filipovic:cuda_arxiv_2013,
	title = {Optimizing {CUDA} Code By Kernel Fusion---Application on {BLAS}},
	journaltitle = {{arXiv}:1305.1183 [cs]},
	author = {Filipovič, J. and Madzin, M. and Fousek, J. and Matyska, L.},
	year = {2013}
}

@inproceedings{wang:gpukerf_greencom_2010,
	author = {Wang, Guibin and Lin, YiSong and Yi, Wei},
	title = {Kernel Fusion: An Effective Method for Better Power Efficiency on Multithreaded GPU},
	booktitle = {Proceedings of the 2010 IEEE/ACM Int'L Conference on Green Computing and Communications \& Int'L Conference on Cyber, Physical and Social Computing},
	year = {2010},
}

@misc{nnvm-kerf,
	author = {NNVM},
	title = {{NNVM-Fusion}: Implement GPU Kernel Fusion and Runtime Compilation Based on NNVM},
	note = {\url{https://github.com/dmlc/nnvm-fusion}},
	year = {2017}
}

% Shared memory
@inproceedings{shun:ligra_ppopp_2013,
	title = {Ligra: A Lightweight Graph Processing Framework for Shared Memory},
	booktitle = {Proceedings of the 18th {ACM} {SIGPLAN} Symposium on Principles and Practice of Parallel Programming},
	author = {Shun, Julian and Blelloch, Guy E.},
	year = {2013},
}

@inproceedings{sundaram:graphmat_vldb_2015,
	title = {{GraphMat}: High Performance Graph Analytics Made Productive},
	journaltitle = {Proc. {VLDB} Endow.},
	author = {Sundaram, Narayanan and Satish, Nadathur and Patwary, Md Mostofa Ali and Dulloor, Subramanya R. and Anderson, Michael J. and Vadlamudi, Satya Gautam and Das, Dipankar and Dubey, Pradeep},
	year = {2015}
}

@inproceedings{pingali:galois_ppaa_2014,
	title = {High-speed Graph Analytics with the Galois System},
	booktitle = {Proceedings of the First Workshop on Parallel Programming for Analytics Applications},
	author = {Pingali, Keshav},
	year = {2014}
}

% Distributed
@inproceedings{malewicz:pregel_icmd_2010,
	title = {Pregel: A System for Large-scale Graph Processing},
	booktitle = {Proceedings of the 2010 {ACM} {SIGMOD} International Conference on Management of Data},
	author = {Malewicz, Grzegorz and Austern, Matthew H. and Bik, Aart J.C and Dehnert, James C. and Horn, Ilan and Leiser, Naty and Czajkowski, Grzegorz},
	year = {2010}
}

@inproceedings{ching:giraph_vldb_2015,
	title = {One Trillion Edges: Graph Processing at Facebook-scale},
	booktitle = {Proc. {VLDB} Endow.},
	author = {Ching, Avery and Edunov, Sergey and Kabiljo, Maja and Logothetis, Dionysios and Muthukrishnan, Sambavi},
	year = {2015}
}

@inproceedings{low:graphlab_vldb_2012,
	title = {Distributed {GraphLab}: A Framework for Machine Learning and Data Mining in the Cloud},
	booktitle = {Proc. {VLDB} Endow.},
	author = {Low, Yucheng and Bickson, Danny and Gonzalez, Joseph and Guestrin, Carlos and Kyrola, Aapo and Hellerstein, Joseph M.},
	year = {2012}
}

% datasets
@inproceedings{Leskovec:CP_kdd_2005,
	author = {Leskovec, Jure and Kleinberg, Jon and Faloutsos, Christos},
	title = {Graphs over Time: Densification Laws, Shrinking Diameters and Possible Explanations},
	booktitle = {Proceedings of the Eleventh ACM SIGKDD International Conference on Knowledge Discovery in Data Mining},
	year = {2005}
} 

@inproceedings{Backstrom:LJ_kdd_2006,
	author = {Backstrom, Lars and Huttenlocher, Dan and Kleinberg, Jon and Lan, Xiangyang},
	title = {Group Formation in Large Social Networks: Membership, Growth, and Evolution},
	booktitle = {Proceedings of the 12th ACM SIGKDD International Conference on Knowledge Discovery and Data Mining},
	year = {2006}
}

@misc{DIMACS:USA_2011,
	title = {The 10th DIMACS Implementation Challenge - Graph Partitioning and Graph Clustering},
	author = {Center for Discrete Mathematics and Theoretical Computer Science},
	note = {\url{https://www.cc.gatech.edu/dimacs10/index.shtml}},
	year = {2011}
}

@misc{graph_500,
	title = {Graph 500},
	author = {The Graph 500 List},
	note = {\url{https://graph500.org/}},
	year = {2017}
}

@inproceedings{yang:TW_wsdm_2011,
	author = {Yang, Jaewon and Leskovec, Jure},
	title = {Patterns of Temporal Variation in Online Media},
	booktitle = {Proceedings of the Fourth ACM International Conference on Web Search and Data Mining},
	year = {2011}
}

@article{yang:FT_is_2015,
	author = {Yang, Jaewon and Leskovec, Jure},
	title = {Defining and Evaluating Network Communities Based on Ground-truth},
	journal = {Knowl. Inf. Syst.},
	year = {2015}
} 


% tools
@misc{intel-pcm,
	title = {{Intel} {Processor} {Counter} {Monitor} ({PCM})},
	note = {\url{https://github.com/opcm/pcm}},
	year = {2016}
}

@misc{dgx,
	title = {{Nvidia} {DGX} {Station}},
	note = {\url{https://www.boxx.com/systems/deep-learning/dgx-station}},
	year = {2016}
}

@misc{icpc,
	title = {{Intel} {C++} Compiler},
	note = {\url{https://software.intel.com/en-us/c-compilers}},
	year = {2018}
}

@misc{cilk-plus,
	title = {{Cilk} {Plus}},
	note = {\url{https://www.cilkplus.org/}},
	year = {2014}
}

@misc{perf,
	title = {Linux perf},
	note = {\url{https://perf.wiki.kernel.org/index.php/Main_Page}},
	year = {2010}
}

@inproceedings{wei:gordering_sigmod_2016,
	title = {Speedup Graph Processing by Graph Ordering},
	booktitle = {Proceedings of the 2016 International Conference on Management of Data},
	author = {Wei, Hao and Yu, Jeffrey Xu and Lu, Can and Lin, Xuemin},
	year = {2016}
}

@inproceedings{mukkara:dynamic_micro_2018,
	title = {Exploiting Locality in Graph Analytics through Hardware-Accelerated Traversal Scheduling},
	booktitle = {{MICRO}},
	author = {Mukkara, Anurag and Beckmann, Nathan and Abeydeera, Maleen and Ma, Xiaosong and Sanchez, Daniel},
	year = {2018}
}

@inproceedings{yuan:pathcentric_sc_2014,
	title = {Fast Iterative Graph Computation: A Path Centric Approach},
	booktitle = {Proceedings of the 2014 International Conference for High Performance Computing, Networking, Storage and Analysis},
	author = {Yuan, P. and Zhang, W. and Xie, C. and Jin, H. and Liu, L. and Lee, K.},
	year = {2014}
}

@inproceedings{zhang:numa_ppopp_2015,
	title = {{NUMA}-aware Graph-structured Analytics},
	booktitle = {Proceedings of the 20th {ACM} {SIGPLAN} Symposium on Principles and Practice of Parallel Programming},
	author = {Zhang, Kaiyuan and Chen, Rong and Chen, Haibo},
	year = {2015}
}

@inproceedings{song:nvm_hpca_2018,
	title = {{GraphR}: Accelerating Graph Processing Using {ReRAM}},
	author = {Song, Linghao and Zhuo, Youwei and Qian, Xuehai and Li, Hai and Chen, Yiran},
	booktitle = {Proceedings of the 2018 IEEE International Symposium on High Performance Computer Architecture (HPCA)},
	year = {2018}
}

@inproceedings{ahn:pim_isca_2015,
	title = {A scalable processing-in-memory accelerator for parallel graph processing},
	booktitle = {2015 {ACM}/{IEEE} 42nd Annual International Symposium on Computer Architecture ({ISCA})},
	author = {Ahn, J. and Hong, S. and Yoo, S. and Mutlu, O. and Choi, K.},
	year = {2015}
}

@inproceedings{wang:gunrock_ppopp_2016,
	title = {Gunrock: a high-performance graph processing library on the {GPU}},
	booktitle = {Proceedings of the 21st {ACM} {SIGPLAN} Symposium on Principles and Practice of Parallel Programming},
	author = {Wang, Yangzihao and Davidson, Andrew and Pan, Yuechao and Wu, Yuduo and Riffel, Andy and Owens, John D.},
	year = {2016}
}

@inproceedings{zhu:gemini_osdi_2016,
	title = {Gemini: A Computation-Centric Distributed Graph Processing System},
	booktitle = {Proceedings of the 12th {USENIX} Symposium on Operating Systems Design and Implementation},
	author = {Zhu, Xiaowei and Chen, Wenguang and Zheng, Weimin and Ma, Xiaosong},
	year = {2016}
}

@inproceedings{ham:graphicionado_micro_2016,
	title = {Graphicionado: A high-performance and energy-efficient accelerator for graph analytics},
	booktitle = {Proceedings of the 2016 49th Annual {IEEE}/{ACM} International Symposium on Microarchitecture ({MICRO})},
	author = {Ham, T. J. and Wu, L. and Sundaram, N. and Satish, N. and Martonosi, M.},
	year = {2016}
}

@inproceedings{zhang:digraph_asplos_2019,
	title = {{DiGraph}: An Efficient Path-based Iterative Directed Graph Processing System on Multiple {GPUs}},
	booktitle = {Proceedings of the 24th ACM International Conference on Architectural Support for Programming Languages and Operating Systems},
	author = {Zhang, Yu and Liao, Xiaofei and Jin, Hai and He, Bingsheng and Liu, Haikun and Gu, Lin},
	year = {2019}
}

@inproceedings{gonzalez:powergraph_osdi_2012,
	title = {{PowerGraph}: Distributed Graph-Parallel Computation on Natural Graphs},
	booktitle = {Proceedings of the 10th {USENIX} Symposium on Operating Systems Design and Implementation},
	author = {Gonzalez, Joseph E. and Low, Yucheng and Gu, Haijie and Bickson, Danny and Guestrin, Carlos},
	year = {2012}
}

@inproceedings{kyrola:graphchi_osdi_2012,
	title = {{GraphChi}: Large-Scale Graph Computation on Just a {PC}},
	booktitle = {Proceedings of the 10th {USENIX} Symposium on Operating Systems Design and Implementation},
	author = {Kyrola, Aapo and Blelloch, Guy and Guestrin, Carlos},
	year = {2012}
}

@inproceedings{sun:graphgrind_ics_2017,
	title = {{GraphGrind}: Addressing Load Imbalance of Graph Partitioning},
	booktitle = {Proceedings of the International Conference on Supercomputing},
	author = {Sun, Jiawen and Vandierendonck, Hans and Nikolopoulos, Dimitrios S.},
	year = {2017}
}

@inproceedings{gonzalez:graphx_osdi_2014,
	title = {{GraphX}: Graph Processing in a Distributed Dataflow Framework},
	eventtitle = {11th {USENIX} Symposium on Operating Systems Design and Implementation ({OSDI} 14)},
	author = {Gonzalez, Joseph E. and Xin, Reynold S. and Dave, Ankur and Crankshaw, Daniel and Franklin, Michael J. and Stoica, Ion},
	year = {2014}
}

@inproceedings{perozzi:deepwalk_kdd_2014,
	title = {{DeepWalk}: Online Learning of Social Representations},
	journaltitle = {Proceedings of the 20th {ACM} {SIGKDD} international conference on Knowledge discovery and data mining - {KDD} '14},
	author = {Perozzi, Bryan and Al-Rfou, Rami and Skiena, Steven},
	year = {2014}
}

@inproceedings{grover_node2vec_2016,
	location = {San Francisco, California, {USA}},
	title = {node2vec: Scalable Feature Learning for Networks},
	booktitle = {Proceedings of the 22nd {ACM} {SIGKDD} International Conference on Knowledge Discovery and Data Mining - {KDD} '16},
	author = {Grover, Aditya and Leskovec, Jure},
	year = {2016}
}

@inproceedings{yang_knightking:_2019,
	location = {Huntsville, Ontario, Canada},
	title = {{KnightKing}: a fast distributed graph random walk engine},
	booktitle = {Proceedings of the 27th {ACM} Symposium on Operating Systems Principles  - {SOSP} '19},
	author = {Yang, Ke and Zhang, {MingXing} and Chen, Kang and Ma, Xiaosong and Bai, Yang and Jiang, Yong},
	year = {2019}
}